@Misc{CFPB14,
  author =	 {{Consumer Financial Protection Bureau}},
  title =	 {About us},
  howpublished = {\url{http://www.consumerfinance.gov/the-bureau/}},
  month =	 {September},
  year =	 2014,
  note =	 {Accessed 2014/11/09}
}

@misc{TeXFAQ,
  author =        {{UK \TeX{} Users Group}},
  howpublished =  {\url{http://www.tex.ac.uk/cgi-bin/texfaq2html}},
  title =         {{UK} List of {\TeX} Frequently Asked Questions},
  year =          {2015},
}

@Manual{CFPB_Design_Manual,
  title = 	 {{CFPB} Design Manual},
  organization = {The Consumer Financial Protection Bureau},
  year =	 2015,
  note =	 {\url{http://cfpb.github.io/design-manual/}}
}



@Manual{Beamer,
  title = 	 {The \textsc{BEAMER} \textit{class}.  User Guide for 
                  version~3.36},
  author =	 {Till Tantau and Joseph Wright and Vedran Mileti\'c},
  month =	 {March},
  year =	 2015,
  note =	 {\url{http://bitbucket.org/rivanvx/beamer}}
}

