@Book{Candide,
  author =	 {Voltaire},
  title = 	 {Candide, ou L'Optimisme, Traduit de L'Allemand
                  de Mr. le Docteur Ralph},
  publisher = 	 {Sir\`ene},
  year = 	 1759,
  address =	 {Paris}
}

